%%@IEEEtranBSTCTL{BSTcontrol,
%%CTLuse_url = "no",
%%CTLuse_forced_etal       = "yes",    % Forcer une limite de nombre d'auteurs affichés    
%%CTLmax_names_forced_etal = "2",      % Nombre d'auteurs Max.
%%CTLnames_show_etal       = "2"       % Si supérieur, nombre d'auteurs gardés.
%%}

@inproceedings{iacovelli_atmp_2018_shorter,
	title = {{ATMP}: {An} {Adaptive} {Tolerance}-based {Mixed}-criticality {Protocol} for {Multi}-core {Systems}},
	isbn = {978-1-5386-4155-2},
	shorttitle = {{ATMP}},
	url = {https://ieeexplore.ieee.org/document/8442082/},
	doi = {10.1109/SIES.2018.8442082},
	language = {en},
	urldate = {2021-03-29},
	booktitle = {13th {Int.} {Symposium} on {Industrial} {Embedded} {Systems} ({SIES})},
	publisher = {IEEE},
	author = {Iacovelli, Saverio and Kirner, Raimund and Menon, Catherine},
	year = {2018},
	keywords = {EDCC},
	pages = {1--9},
}

@inproceedings{guthaus_mibench_2001_shorter,
	title = {{MiBench}: {A} free, commercially representative embedded benchmark suite},
	doi = {10.1109/WWC.2001.990739},
	language = {en},
	booktitle = {4th {International} {Workshop} on {Workload} {Characterization}},
	publisher = {IEEE},
	author = {Guthaus, Matthew R and Ringenberg, Jeffrey S and Ernst, Dan and Austin, Todd M and Mudge, Trevor and Brown, Richard B},
	year = {2001},
}

@article{kritikakou_dynascore_2017_shorter,
	title = {{DYNASCORE}: {DYNAmic} {Software} {COntroller} to {Increase} {REsource} {Utilization} in {Mixed}-{Critical} {Systems}},
	volume = {23},
	issn = {10844309},
	shorttitle = {{DYNASCORE}},
	url = {http://dl.acm.org/citation.cfm?doid=3149546.3110222},
	doi = {10.1145/3110222},
	language = {en},
	urldate = {2018-07-05},
	journal = {ACM Tran. on Design Automation of Electronic Systems},
	author = {Kritikakou, Angeliki and Marty, Thibaut and Roy, Matthieu},
	year = {2017},
}

@techreport{fisher_certifying_2013_shorter,
	type = {White {Paper}},
	title = {Certifying {Applications} in a {Multi}-{Core} {Env.}: {The} {World}’s {First} {Multi}-{Core} {Certification} to {SIL} 4.},
	language = {en},
	institution = {SYSGO AG},
	author = {Fisher, Stuart},
	year = {2013},
}

@inproceedings{chisholm_supporting_2017_shorter,
	title = {Supporting mode changes while providing hardware isolation in mixed-criticality multicore systems},
	isbn = {978-1-4503-5286-4},
	doi = {10.1145/3139258.3139268},
	language = {en},
	booktitle = {25th {Int.} {Conference} on {Real}-{Time} {Networks} and {Systems}},
	author = {Chisholm, Micaiah and Kim, Namhoon and Tang, Stephen and Otterness, Nathan and Anderson, James H. and Smith, F. Donelson and Porter, Donald E.},
	year = {2017},
	pages = {58--67},
}



